@article{SirovichKirby1987,
	author = {Sirovich, Lawrence and Kirby, Michael},
	year = {1987},
	month = {04},
	pages = {519-24},
	title = {Low-Dimensional Procedure for the Characterization of Human Faces},
	volume = {4},
	journal = {Journal of the Optical Society of America. A, Optics and image science},
	doi = {10.1364/JOSAA.4.000519}
}

@article{Taigman2014,
	title={DeepFace: Closing the Gap to Human-Level Performance in Face Verification},
	author={Yaniv Taigman and Ming Yang and Marc'Aurelio Ranzato and Lior Wolf},
	journal={2014 IEEE Conference on Computer Vision and Pattern Recognition},
	year={2014},
	pages={1701-1708}
}

@article{Turk1991,
	title={Face recognition using eigenfaces},
	author={Matthew Turk and Alex Pentland},
	journal={Proceedings. 1991 IEEE Computer Society Conference on Computer Vision and Pattern Recognition},
	year={1991},
	pages={586-591}
}

@article{Taskiran2020,
	title = {Face recognition: Past, present and future (a review)},
	journal = {Digital Signal Processing},
	volume = {106},
	pages = {102809},
	year = {2020},
	issn = {1051-2004},
	doi = {https://doi.org/10.1016/j.dsp.2020.102809},
	url = {https://www.sciencedirect.com/science/article/pii/S1051200420301548},
	author = {Murat Taskiran and Nihan Kahraman and Cigdem Eroglu Erdem},
	keywords = {Face recognition, Face identification, Facial dynamics, Image-based face recognition, Video-based face recognition}
}

@inproceedings{Chen14,
	Author = {Bor-Chun Chen and Chu-Song Chen and Winston H. Hsu},
	Booktitle = {Proceedings of the European Conference on Computer Vision ({ECCV})},
	Title = {Cross-Age Reference Coding for Age-Invariant Face Recognition and Retrieval},
	Year = {2014}
}

@article{Rohrer2007,
	risfield_0_da = {2007/11/01},
	author = {Rohrer, Doug and Taylor, Kelli},
	doi = {10.1007/s11251-007-9015-8},
	issn = {1573-1952},
	journal = {Instructional Science},
	number = {6},
	pages = {481–498},
	title = {The shuffling of mathematics problems improves learning},
	volume = {35},
	year = {2007}
}

@article{Rohrer2010,
	title={Recent Research on Human Learning Challenges Conventional Instructional Strategies},
	author={D. Rohrer and H. Pashler},
	journal={Educational Researcher},
	year={2010},
	volume={39},
	pages={406 - 412}
}

@article{Rohrer2014,
	author = {Rohrer, Doug and Dedrick, Robert F. and Burgess, Kaleena},
	title = {The benefit of interleaved mathematics practice is not limited to superficially similar kinds of problems},
	doi = {https://doi.org/10.3758/s13423-014-0588-3},
	year = {2014}
}

@article{Carvalho2014,
	AUTHOR={Carvalho, Paulo F. and Goldstone, Robert L.},
	TITLE={Effects of interleaved and blocked study on delayed test of category learning generalization},
	JOURNAL={Frontiers in Psychology},
	VOLUME={5},
	PAGES={936},
	YEAR={2014},
	URL={https://www.frontiersin.org/article/10.3389/fpsyg.2014.00936},
	DOI={10.3389/fpsyg.2014.00936},
	ISSN={1664-1078}
}

@book{Anderson2001,
	added-at = {2018-07-12T16:16:02.000+0200},
	author = {Anderson, Lorin W and Krathwohl, David R and Airasian, Peter W and Cruikshank, Kathleen A and Mayer, Richard E and Pintrich, Paul R and Raths, James and Wittrock, Merlin C},
	biburl = {https://www.bibsonomy.org/bibtex/29311293e9c7da8b40127405e31c7e8b0/yish},
	interhash = {507d114f949edd67e17625ce2a90b24a},
	intrahash = {9311293e9c7da8b40127405e31c7e8b0},
	isbn = {978-0801319037},
	journal = {Pearson},
	keywords = {bloom design learning objectives outcomes taxonomy},
	timestamp = {2018-07-12T16:16:02.000+0200},
	title = {A taxonomy for learning, teaching, and assessing: A revision of Bloom’s taxonomy of educational objectives, abridged edition},
	year = 2000
}